<collection xmlns="http://www.loc.gov/MARC21/slim"><record><leader>00709nam  2200217   450</leader><controlfield tag="001">80</controlfield><controlfield tag="003">http://montalegre.opacnet.com/OPAC/default.aspx?ContentAreaControl=ShowRegHoldings.ascx&amp;RegNo=16662</controlfield><datafield tag="095" ind1=" " ind2=" "><subfield code="a">PTBN00397380</subfield></datafield><datafield tag="100" ind1=" " ind2=" "><subfield code="a">20061013e19901987m  y0pory010305  ba</subfield></datafield><datafield tag="101" ind1="1" ind2=" "><subfield code="a">por</subfield><subfield code="c">eng</subfield></datafield><datafield tag="102" ind1=" " ind2=" "><subfield code="a">PT</subfield></datafield><datafield tag="200" ind1="1" ind2=" "><subfield code="a">Morrem mais de mágoa</subfield><subfield code="f">Saul Bellow</subfield><subfield code="g">trad. de Fernanda Pinto</subfield></datafield><datafield tag="210" ind1=" " ind2=" "><subfield code="a">Lisboa</subfield><subfield code="c">Livros do Brasil</subfield><subfield code="d">1990</subfield></datafield><datafield tag="215" ind1=" " ind2=" "><subfield code="a">353 p.</subfield><subfield code="d">22 cm</subfield></datafield><datafield tag="225" ind1="2" ind2=" "><subfield code="a">Dois mundos</subfield><subfield code="v">185)</subfield></datafield><datafield tag="304" ind1=" " ind2=" "><subfield code="a">Tit. orig. More die of heartbreak</subfield></datafield><datafield tag="675" ind1=" " ind2=" "><subfield code="a">821</subfield><subfield code="v">BN</subfield><subfield code="z">por</subfield></datafield><datafield tag="700" ind1=" " ind2="1"><subfield code="a">Bellow</subfield><subfield code="b">Saul</subfield><subfield code="f">1915</subfield></datafield><datafield tag="702" ind1=" " ind2="1"><subfield code="a">Pinto</subfield><subfield code="b">Fernando</subfield><subfield code="4">730</subfield></datafield><datafield tag="801" ind1=" " ind2="0"><subfield code="a">PT</subfield><subfield code="b">Biblioteca Municipal de Montalegre</subfield><subfield code="g">RPC</subfield></datafield><datafield tag="856" ind1=" " ind2=" "><subfield code="u">locateMedia.asp?cod=20060508145643&amp;ext=jpg</subfield><subfield code="z">CAPA</subfield></datafield><datafield tag="909" ind1="&#9;" ind2=" "><subfield code="a">1</subfield></datafield><datafield tag="966" ind1=" " ind2=" "><subfield code="a">0008287</subfield><subfield code="l">BMM</subfield><subfield code="s">SCG 851 BEL mor 185</subfield></datafield></record></collection>